@misc{holistica, author={Jackeline Hurtado}, title={Investigación Holística}, journal={Sypal}, year={2001}}
  
  
  @ARTICLE{7030212, 
author={J. {Thönes}}, 
journal={IEEE Software}, 
title={Microservices}, 
year={2015}, 
volume={32}, 
number={1}, 
pages={116-116}, 
keywords={Interviews;Software architecture;Service oriented architecture;Software engineering;architecture;enterprise service bus;http;microservice;service-oriented architecture;software engineering;SE Radio}, 
doi={10.1109/MS.2015.11}, 
ISSN={0740-7459}, 
month={Jan},}