@misc{Quesonl99:online,
author = {},
title = {¿Que son los Sistemas de Recomendación? - Jarroba},
howpublished = {\url{https://jarroba.com/que-son-los-sistemas-de-recomendacion/}},
month = {},
year = {},
note = {(Accessed on 11/05/2018)}
}

@misc{Queesla74:online,
author = {},
title = {¿Qué es la economía naranja que promueve Iván Duque? - Sectores - Economía - ELTIEMPO.COM},
howpublished = {\url{https://www.eltiempo.com/economia/sectores/que-es-la-economia-naranja-que-promueve-ivan-duque-253254}},
month = {},
year = {},
note = {(Accessed on 11/05/2018)}
}

@misc{Colombia60:online,
author = {},
title = {Colombia: qué es la "economía naranja" que quiere impulsar el presidente Iván Duque (y por qué es clave para generar riqueza) - BBC News Mundo},
howpublished = {\url{https://www.bbc.com/mundo/noticias-45173803}},
month = {},
year = {},
note = {(Accessed on 11/05/2018)}
}

@misc{Trabajoi81:online,
author = {},
title = {Trabajo informal en Colombia - Archivo Digital de Noticias de Colombia y el Mundo desde 1.990 - eltiempo.com},
howpublished = {\url{https://www.eltiempo.com/archivo/documento/CMS-16445625}},
month = {},
year = {},
note = {(Accessed on 11/05/2018)}
}

 @misc{CARTELUR81:online,
author = {},
title = {CARTEL URBANO | PERIODISMO CALLEJERO Y CULTURA ALTERNATIVA},
howpublished = {\url{http://cartelurbano.com/musica/el-disco-que-recoge-el-trabajo-de-los-musicos-callejeros}},
month = {},
year = {},
note = {(Accessed on 11/05/2018)}
}

 @misc{Derechoa87:online,
author = {Dinero},
title = {Derecho al trabajo de los artistas en Colombia economía naranja},
howpublished = {\url{https://www.dinero.com/pais/articulo/derecho-al-trabajo-de-los-artistas-en-colombia-economia-naranja/245554}},
month = {},
year = {},
note = {(Accessed on 11/05/2018)}
}
 
 @misc{tutoque_2018,title={Tu toque}, howpublished = "\url{https://tutoque.co/}", journal={Tutoque}, year={2018}}
 
 @misc{notas_2018,title={La industria musical más allá de las notas}, howpublished = "\url{https://www.dinero.com/empresas/articulo/musicos-colombia-su-proceso-formalizacion/199047}", journal={los músicos en colombia y su proceso de formalización}, year={2018}}
 
 @misc{bernal_2018, title={Creación de una organización para la promoción de artistas intérpretes de música clásica}, howpublished = "\url{http://repository.urosario.edu.co/bitstream/handle/10336/1115/79941392.pdf.pdf}", journal={Repository.urosario.edu.co}, author={Niño Bernal, Raúl}, year={2018}}
 
  @misc{murcia_2018,
author = {Rincon Murcia, Jesus},
title = {ARTISTAS EMPRESARIOS - Archivo Digital de Noticias de Colombia y el Mundo desde 1.990 - eltiempo.com},
howpublished = {\url{https://www.eltiempo.com/archivo/documento/MAM-133136}},
month = {},
year = {2018},
note = {(Accessed on 11/05/2018)}
}
 
  @misc{benitez_2018,
author = {Villota Benítez, Manolo},
title = {¿Es rentable ser músico en Colombia?},
howpublished = {\url{http://www.finanzaspersonales.co/trabajo-y-educacion/articulo/es-rentable-musico-colombia/44385}},
month = {},
year = {2018},
note = {(Accessed on 11/05/2018)}
}
 
 
 @misc{tiempo_2018, title={La primera plataforma para contratar músicos}, howpublished = "\url{https://www.portafolio.co/innovacion/la-primera-plataforma-para-contratar-musicos-512618}", journal={Portafolio.co}, author={Tiempo, Casa}, year={2018}}
 
 @misc{rivera_2018, title={Llega a Colombia Inshaka, una red social para músicos independientes - monitorLATINO}, howpublished = "\url{http://monitorlatino.com/llega-a-colombia-inshaka-una-red-social-para-musicos-independientes/}", journal={monitorLATINO}, author={Rivera, Nayeli}, year={2018}}
 
 @misc{acens_2018, title={No Sql},howpublished = "\url{https://www.acens.com/wp-content/images/2014/02/bbdd-nosql-wp-acens.pdf}", journal={Acens.com}, year={2018}, author={Movistar}}
 
 @misc{clean-architecture_2018, title={Arquitectura Limpia}, howpublished = "\url{https://github.com/edittler/clean-architecture}", journal={GitHub}, year={2018}}
 
 @misc{mvp_2018, title={Modelo Vista Presentador}, howpublished = "\url{https://es.wikipedia.org/wiki/Modelo–vista–presentador}", journal={Es.wikipedia.org}, year={2018}}
 
 
 @misc{Microser11:online,
author = {},
title = {Microservices},
howpublished = {\url{https://martinfowler.com/articles/microservices.html}},
month = {},
year = {},
note = {(Accessed on 04/18/2019)}
}

@misc{Microser90:online,
author = {},
title = {Microservices},
howpublished = {\url{https://martinfowler.com/articles/microservices.html}},
month = {},
year = {},
note = {(Accessed on 04/20/2019)}
}

@misc{ArchiMat55:online,
author = {},
title = {ArchiMate® 2.1 Specification},
howpublished = {\url{http://pubs.opengroup.org/architecture/archimate2-doc/}},
month = {},
year = {},
note = {(Accessed on 04/21/2019)}
}

@misc{quieromusicos:online,
author = {},
title = {Quiero Musicos},
howpublished = {\url{https://quieromusicos.com/}},
month = {},
year = {},
note = {(Accessed on 04/21/2019)}
}
